@article{property_graph,
  author    = {Marko A. Rodriguez and
               Peter Neubauer},
  title     = {Constructions from Dots and Lines},
  journal   = {CoRR},
  volume    = {abs/1006.2361},
  year      = {2010},
  url       = {http://arxiv.org/abs/1006.2361},
  timestamp = {Mon, 05 Dec 2011 18:05:28 +0100},
  biburl    = {http://dblp.uni-trier.de/rec/bib/journals/corr/abs-1006-2361},
  bibsource = {dblp computer science bibliography, http://dblp.org}
}

@article{yago,
  author    = {Fabian M. Suchanek and
               Gjergji Kasneci and
               Gerhard Weikum},
  title     = {{YAGO:} {A} Large Ontology from Wikipedia and WordNet},
  journal   = {J. Web Sem.},
  volume    = {6},
  number    = {3},
  pages     = {203--217},
  year      = {2008}
}

@inproceedings{dbpedia,
  author = {Lehmann, Jens and Knappe, Sebastian},
  booktitle = {ISWC Semantic Challenge Proceedings},
  keywords = {2008 dllearner group_aksw lehmann},
  note = {Semantic Web Challenge, International Semantic Web Conference 2008},
  title = {{DBpedia} {N}avigator},
  year = 2008
}

@inproceedings{probase,
  author    = {Wentao Wu and
               Hongsong Li and
               Haixun Wang and
               Kenny Qili Zhu},
  title     = {Probase: a probabilistic taxonomy for text understanding},
  booktitle = {Proceedings of the {ACM} {SIGMOD} International Conference on Management
               of Data, {SIGMOD} 2012, Scottsdale, AZ, USA, May 20-24, 2012},
  pages     = {481--492},
  year      = {2012},
  crossref  = {DBLP:conf/sigmod/2012}
}

@article{knowledge_graph,
    author = {刘峤 and 李杨 and 段宏 and 刘瑶 and 秦志光},
    title = {知识图谱构建技术综述},
    publisher = {计算机研究与发展},
    year = {2016},
    journal = {计算机研究与发展},
    volume = {53},
    number = {3},
    eid = {582},
    numpages = {18},
    pages = {582}
}

@inproceedings{mapreduce,
  author    = {Jeffrey Dean and
               Sanjay Ghemawat},
  title     = {MapReduce: Simplified Data Processing on Large Clusters},
  booktitle = {6th Symposium on Operating System Design and Implementation {(OSDI}
               2004), San Francisco, California, USA, December 6-8, 2004},
  pages     = {137--150},
  year      = {2004},
  crossref  = {DBLP:conf/osdi/2004},
  url       = {http://www.usenix.org/events/osdi04/tech/dean.html},
  timestamp = {Thu, 05 Jun 2014 16:55:04 +0200},
  biburl    = {http://dblp.uni-trier.de/rec/bib/conf/osdi/DeanG04},
  bibsource = {dblp computer science bibliography, http://dblp.org}
}

@article{bigtable,
  author    = {Fay Chang and
               Jeffrey Dean and
               Sanjay Ghemawat and
               Wilson C. Hsieh and
               Deborah A. Wallach and
               Michael Burrows and
               Tushar Chandra and
               Andrew Fikes and
               Robert E. Gruber},
  title     = {Bigtable: {A} Distributed Storage System for Structured Data},
  journal   = {{ACM} Trans. Comput. Syst.},
  volume    = {26},
  number    = {2},
  pages     = {4:1--4:26},
  year      = {2008},
  url       = {http://doi.acm.org/10.1145/1365815.1365816},
  doi       = {10.1145/1365815.1365816},
  timestamp = {Mon, 09 Jan 2017 14:12:13 +0100},
  biburl    = {http://dblp.uni-trier.de/rec/bib/journals/tocs/ChangDGHWBCFG08},
  bibsource = {dblp computer science bibliography, http://dblp.org}
}

@article{LSM_tree,
  author    = {Patrick E. O'Neil and
               Edward Cheng and
               Dieter Gawlick and
               Elizabeth J. O'Neil},
  title     = {The Log-Structured Merge-Tree (LSM-Tree)},
  journal   = {Acta Inf.},
  volume    = {33},
  number    = {4},
  pages     = {351--385},
  year      = {1996},
  url       = {http://dx.doi.org/10.1007/s002360050048},
  doi       = {10.1007/s002360050048},
  timestamp = {Tue, 11 Jan 2011 17:20:17 +0100},
  biburl    = {http://dblp.uni-trier.de/rec/bib/journals/acta/ONeilCGO96},
  bibsource = {dblp computer science bibliography, http://dblp.org}
}

@inproceedings{DynamoDB,
  author    = {Swaminathan Sivasubramanian},
  title     = {Amazon dynamoDB: a seamlessly scalable non-relational database service},
  booktitle = {Proceedings of the {ACM} {SIGMOD} International Conference on Management
               of Data, {SIGMOD} 2012, Scottsdale, AZ, USA, May 20-24, 2012},
  pages     = {729--730},
  year      = {2012},
  crossref  = {DBLP:conf/sigmod/2012},
  url       = {http://doi.acm.org/10.1145/2213836.2213945},
  doi       = {10.1145/2213836.2213945},
  timestamp = {Thu, 20 Dec 2012 18:31:31 +0100},
  biburl    = {http://dblp.uni-trier.de/rec/bib/conf/sigmod/Sivasubramanian12},
  bibsource = {dblp computer science bibliography, http://dblp.org}
}

@article{CAP,
 author = {Gilbert, Seth and Lynch, Nancy},
 title = {Brewer's Conjecture and the Feasibility of Consistent, Available, Partition-tolerant Web Services},
 journal = {SIGACT News},
 issue_date = {June 2002},
 volume = {33},
 number = {2},
 month = jun,
 year = {2002},
 issn = {0163-5700},
 pages = {51--59},
 numpages = {9},
 url = {http://doi.acm.org/10.1145/564585.564601},
 doi = {10.1145/564585.564601},
 acmid = {564601},
 publisher = {ACM},
 address = {New York, NY, USA},
}

@article{graph_models_survey,
  author    = {Renzo Angles and
               Claudio Guti{\'{e}}rrez},
  title     = {Survey of graph database models},
  journal   = {{ACM} Comput. Surv.},
  volume    = {40},
  number    = {1},
  pages     = {1:1--1:39},
  year      = {2008},
  url       = {http://doi.acm.org/10.1145/1322432.1322433},
  doi       = {10.1145/1322432.1322433},
  timestamp = {Mon, 09 Jan 2017 15:02:21 +0100},
  biburl    = {http://dblp.uni-trier.de/rec/bib/journals/csur/AnglesG08},
  bibsource = {dblp computer science bibliography, http://dblp.org}
}

@article{cassandra,
  author    = {Avinash Lakshman and
               Prashant Malik},
  title     = {Cassandra: a decentralized structured storage system},
  journal   = {Operating Systems Review},
  volume    = {44},
  number    = {2},
  pages     = {35--40},
  year      = {2010},
  url       = {http://doi.acm.org/10.1145/1773912.1773922},
  doi       = {10.1145/1773912.1773922},
  timestamp = {Fri, 03 Dec 2010 12:46:56 +0100},
  biburl    = {http://dblp.uni-trier.de/rec/bib/journals/sigops/LakshmanM10},
  bibsource = {dblp computer science bibliography, http://dblp.org}
}

@inproceedings{neo4j,
  author    = {Jim Webber},
  title     = {A programmatic introduction to Neo4j},
  booktitle = {Conference on Systems, Programming, and Applications: Software for
               Humanity, {SPLASH} '12, Tucson, AZ, USA, October 21-25, 2012},
  pages     = {217--218},
  year      = {2012},
  crossref  = {DBLP:conf/oopsla/2012s},
  url       = {http://doi.acm.org/10.1145/2384716.2384777},
  doi       = {10.1145/2384716.2384777},
  timestamp = {Fri, 19 Oct 2012 08:42:46 +0200},
  biburl    = {http://dblp.uni-trier.de/rec/bib/conf/oopsla/Webber12},
  bibsource = {dblp computer science bibliography, http://dblp.org}
}

@inproceedings{percolator,
  author    = {Daniel Peng and
               Frank Dabek},
  title     = {Large-scale Incremental Processing Using Distributed Transactions
               and Notifications},
  booktitle = {9th {USENIX} Symposium on Operating Systems Design and Implementation,
               {OSDI} 2010, October 4-6, 2010, Vancouver, BC, Canada, Proceedings},
  pages     = {251--264},
  year      = {2010},
  crossref  = {DBLP:conf/osdi/2010},
  url       = {http://www.usenix.org/events/osdi10/tech/full_papers/Peng.pdf},
  timestamp = {Thu, 23 Jun 2016 15:53:28 +0200},
  biburl    = {http://dblp.uni-trier.de/rec/bib/conf/osdi/PengD10},
  bibsource = {dblp computer science bibliography, http://dblp.org}
}

@article{eventually_consistent,
  author    = {Werner Vogels},
  title     = {Eventually consistent},
  journal   = {Commun. {ACM}},
  volume    = {52},
  number    = {1},
  pages     = {40--44},
  year      = {2009},
  url       = {http://doi.acm.org/10.1145/1435417.1435432},
  doi       = {10.1145/1435417.1435432},
  timestamp = {Thu, 08 Jan 2009 07:48:57 +0100},
  biburl    = {http://dblp.uni-trier.de/rec/bib/journals/cacm/Vogels09},
  bibsource = {dblp computer science bibliography, http://dblp.org}
}

@article{big_data,
    author = {Cui, Bin and Mei, Hong and Ooi, Beng Chin},
    title = {Big data: the driver for innovation in databases},
    journal = {National Science Review},
    volume = {1},
    number = {1},
    pages = {27},
    year = {2014},
    doi = {10.1093/nsr/nwt020},
    URL = {http://dx.doi.org/10.1093/nsr/nwt020},
    eprint = {/oup/backfile/content_public/journal/nsr/1/1/10.1093/nsr/nwt020/2/nwt020.pdf}
}

@techreport{pagerank,
          number = {1999-66},
           month = {November},
          author = {Lawrence Page and Sergey Brin and Rajeev Motwani and Terry Winograd},
            note = {Previous number = SIDL-WP-1999-0120},
           title = {The PageRank Citation Ranking: Bringing Order to the Web.},
            type = {Technical Report},
       publisher = {Stanford InfoLab},
            year = {1999},
     institution = {Stanford InfoLab},
             url = {http://ilpubs.stanford.edu:8090/422/},
        abstract = {The importance of a Web page is an inherently subjective matter, which depends on the readers interests, knowledge and attitudes. But there is still much that can be said objectively about the relative importance of Web pages. This paper describes PageRank, a mathod for rating Web pages objectively and mechanically, effectively measuring the human interest and attention devoted to them. We compare PageRank to an idealized random Web surfer. We show how to efficiently compute PageRank for large numbers of pages. And, we show how to apply PageRank to search and to user navigation.}
}

@article{community_detection,
  author    = {Jure Leskovec and
               Kevin J. Lang and
               Anirban Dasgupta and
               Michael W. Mahoney},
  title     = {Community Structure in Large Networks: Natural Cluster Sizes and the
               Absence of Large Well-Defined Clusters},
  journal   = {Internet Mathematics},
  volume    = {6},
  number    = {1},
  pages     = {29--123},
  year      = {2009},
  url       = {http://dx.doi.org/10.1080/15427951.2009.10129177},
  doi       = {10.1080/15427951.2009.10129177},
  timestamp = {Tue, 26 Aug 2014 12:02:35 +0200},
  biburl    = {http://dblp.uni-trier.de/rec/bib/journals/im/LeskovecLDM09},
  bibsource = {dblp computer science bibliography, http://dblp.org}
}

@article{subgraph_listing,
  author    = {Norishige Chiba and
               Takao Nishizeki},
  title     = {Arboricity and Subgraph Listing Algorithms},
  journal   = {{SIAM} J. Comput.},
  volume    = {14},
  number    = {1},
  pages     = {210--223},
  year      = {1985},
  url       = {http://dx.doi.org/10.1137/0214017},
  doi       = {10.1137/0214017},
  timestamp = {Tue, 01 Feb 2011 14:01:28 +0100},
  biburl    = {http://dblp.uni-trier.de/rec/bib/journals/siamcomp/ChibaN85},
  bibsource = {dblp computer science bibliography, http://dblp.org}
}

@inproceedings{pregel,
  author    = {Grzegorz Malewicz and
               Matthew H. Austern and
               Aart J. C. Bik and
               James C. Dehnert and
               Ilan Horn and
               Naty Leiser and
               Grzegorz Czajkowski},
  title     = {Pregel: a system for large-scale graph processing},
  booktitle = {Proceedings of the {ACM} {SIGMOD} International Conference on Management
               of Data, {SIGMOD} 2010, Indianapolis, Indiana, USA, June 6-10, 2010},
  pages     = {135--146},
  year      = {2010},
  crossref  = {DBLP:conf/sigmod/2010},
  url       = {http://doi.acm.org/10.1145/1807167.1807184},
  doi       = {10.1145/1807167.1807184},
  timestamp = {Mon, 07 Jun 2010 08:03:40 +0200},
  biburl    = {http://dblp.uni-trier.de/rec/bib/conf/sigmod/MalewiczABDHLC10},
  bibsource = {dblp computer science bibliography, http://dblp.org}
}

@inproceedings{graphlab,
  author    = {Yucheng Low and
               Joseph Gonzalez and
               Aapo Kyrola and
               Danny Bickson and
               Carlos Guestrin and
               Joseph M. Hellerstein},
  title     = {GraphLab: {A} New Framework For Parallel Machine Learning},
  booktitle = {{UAI} 2010, Proceedings of the Twenty-Sixth Conference on Uncertainty
               in Artificial Intelligence, Catalina Island, CA, USA, July 8-11, 2010},
  pages     = {340--349},
  year      = {2010},
  crossref  = {DBLP:conf/uai/2010},
  url       = {https://dslpitt.org/uai/displayArticleDetails.jsp?mmnu=1&smnu=2&article_id=2126&proceeding_id=26},
  timestamp = {Wed, 06 May 2015 15:02:56 +0200},
  biburl    = {http://dblp.uni-trier.de/rec/bib/conf/uai/LowGKBGH10},
  bibsource = {dblp computer science bibliography, http://dblp.org}
}

@inproceedings{powergraph,
  author    = {Joseph E. Gonzalez and
               Yucheng Low and
               Haijie Gu and
               Danny Bickson and
               Carlos Guestrin},
  title     = {PowerGraph: Distributed Graph-Parallel Computation on Natural Graphs},
  booktitle = {10th {USENIX} Symposium on Operating Systems Design and Implementation,
               {OSDI} 2012, Hollywood, CA, USA, October 8-10, 2012},
  pages     = {17--30},
  year      = {2012},
  crossref  = {DBLP:conf/osdi/2012},
  url       = {https://www.usenix.org/conference/osdi12/technical-sessions/presentation/gonzalez},
  timestamp = {Wed, 14 May 2014 19:43:35 +0200},
  biburl    = {http://dblp.uni-trier.de/rec/bib/conf/osdi/GonzalezLGBG12},
  bibsource = {dblp computer science bibliography, http://dblp.org}
}

@article{BSP,
  author    = {Leslie G. Valiant},
  title     = {A Bridging Model for Parallel Computation},
  journal   = {Commun. {ACM}},
  volume    = {33},
  number    = {8},
  pages     = {103--111},
  year      = {1990},
  url       = {http://doi.acm.org/10.1145/79173.79181},
  doi       = {10.1145/79173.79181},
  timestamp = {Tue, 07 Jun 2011 16:52:05 +0200},
  biburl    = {http://dblp.uni-trier.de/rec/bib/journals/cacm/Valiant90},
  bibsource = {dblp computer science bibliography, http://dblp.org}
}

@inproceedings{graphx,
  author    = {Joseph E. Gonzalez and
               Reynold S. Xin and
               Ankur Dave and
               Daniel Crankshaw and
               Michael J. Franklin and
               Ion Stoica},
  title     = {GraphX: Graph Processing in a Distributed Dataflow Framework},
  booktitle = {11th {USENIX} Symposium on Operating Systems Design and Implementation,
               {OSDI} '14, Broomfield, CO, USA, October 6-8, 2014.},
  pages     = {599--613},
  year      = {2014},
  crossref  = {DBLP:conf/osdi/2014},
  url       = {https://www.usenix.org/conference/osdi14/technical-sessions/presentation/gonzalez},
  timestamp = {Tue, 18 Nov 2014 17:21:14 +0100},
  biburl    = {http://dblp.uni-trier.de/rec/bib/conf/osdi/GonzalezXDCFS14},
  bibsource = {dblp computer science bibliography, http://dblp.org}
}

@inproceedings{spark,
  author    = {Matei Zaharia and
               Mosharaf Chowdhury and
               Michael J. Franklin and
               Scott Shenker and
               Ion Stoica},
  title     = {Spark: Cluster Computing with Working Sets},
  booktitle = {2nd {USENIX} Workshop on Hot Topics in Cloud Computing, HotCloud'10,
               Boston, MA, USA, June 22, 2010},
  year      = {2010},
  crossref  = {DBLP:conf/hotcloud/2010},
  url       = {https://www.usenix.org/conference/hotcloud-10/spark-cluster-computing-working-sets},
  timestamp = {Fri, 23 May 2014 17:07:46 +0200},
  biburl    = {http://dblp.uni-trier.de/rec/bib/conf/hotcloud/ZahariaCFSS10},
  bibsource = {dblp computer science bibliography, http://dblp.org}
}

@inproceedings{graphchi,
  author    = {Aapo Kyrola and
               Guy E. Blelloch and
               Carlos Guestrin},
  title     = {GraphChi: Large-Scale Graph Computation on Just a {PC}},
  booktitle = {10th {USENIX} Symposium on Operating Systems Design and Implementation,
               {OSDI} 2012, Hollywood, CA, USA, October 8-10, 2012},
  pages     = {31--46},
  year      = {2012},
  crossref  = {DBLP:conf/osdi/2012},
  url       = {https://www.usenix.org/conference/osdi12/technical-sessions/presentation/kyrola},
  timestamp = {Wed, 14 May 2014 19:43:35 +0200},
  biburl    = {http://dblp.uni-trier.de/rec/bib/conf/osdi/KyrolaBG12},
  bibsource = {dblp computer science bibliography, http://dblp.org}
}

@article{xuning_LogGP,
  author    = {Ning Xu and
               Lei Chen and
               Bin Cui},
  title     = {LogGP: {A} Log-based Dynamic Graph Partitioning Method},
  journal   = {{PVLDB}},
  volume    = {7},
  number    = {14},
  pages     = {1917--1928},
  year      = {2014},
  url       = {http://www.vldb.org/pvldb/vol7/p1917-xu.pdf},
  timestamp = {Sun, 02 Nov 2014 19:12:30 +0100},
  biburl    = {http://dblp.uni-trier.de/rec/bib/journals/pvldb/XuCC14},
  bibsource = {dblp computer science bibliography, http://dblp.org}
}

@inproceedings{shaoxia_1,
  author    = {Yingxia Shao and
               Bin Cui and
               Lei Chen and
               Lin Ma and
               Junjie Yao and
               Ning Xu},
  title     = {Parallel subgraph listing in a large-scale graph},
  booktitle = {International Conference on Management of Data, {SIGMOD} 2014, Snowbird,
               UT, USA, June 22-27, 2014},
  pages     = {625--636},
  year      = {2014},
  crossref  = {DBLP:conf/sigmod/2014},
  url       = {http://doi.acm.org/10.1145/2588555.2588557},
  doi       = {10.1145/2588555.2588557},
  timestamp = {Mon, 23 May 2016 12:16:24 +0200},
  biburl    = {http://dblp.uni-trier.de/rec/bib/conf/sigmod/ShaoCCMYX14},
  bibsource = {dblp computer science bibliography, http://dblp.org}
}

@inproceedings{shaoxia_2,
  author    = {Yingxia Shao and
               Lei Chen and
               Bin Cui},
  title     = {Efficient cohesive subgraphs detection in parallel},
  booktitle = {International Conference on Management of Data, {SIGMOD} 2014, Snowbird,
               UT, USA, June 22-27, 2014},
  pages     = {613--624},
  year      = {2014},
  crossref  = {DBLP:conf/sigmod/2014},
  url       = {http://doi.acm.org/10.1145/2588555.2593665},
  doi       = {10.1145/2588555.2593665},
  timestamp = {Mon, 23 May 2016 12:16:24 +0200},
  biburl    = {http://dblp.uni-trier.de/rec/bib/conf/sigmod/ShaoCC14},
  bibsource = {dblp computer science bibliography, http://dblp.org}
}

@article{xuning_2,
  author    = {Ning Xu and
               Bin Cui and
               Lei Chen and
               Zi Huang and
               Yingxia Shao},
  title     = {Heterogeneous Environment Aware Streaming Graph Partitioning},
  journal   = {{IEEE} Trans. Knowl. Data Eng.},
  volume    = {27},
  number    = {6},
  pages     = {1560--1572},
  year      = {2015},
  url       = {http://dx.doi.org/10.1109/TKDE.2014.2377743},
  doi       = {10.1109/TKDE.2014.2377743},
  timestamp = {Wed, 09 Sep 2015 09:50:36 +0200},
  biburl    = {http://dblp.uni-trier.de/rec/bib/journals/tkde/XuC0HS15},
  bibsource = {dblp computer science bibliography, http://dblp.org}
}

@article{shaoxia_3,
  author    = {Yingxia Shao and
               Bin Cui and
               Lin Ma},
  title     = {{PAGE:} {A} Partition Aware Engine for Parallel Graph Computation},
  journal   = {{IEEE} Trans. Knowl. Data Eng.},
  volume    = {27},
  number    = {2},
  pages     = {518--530},
  year      = {2015},
  url       = {http://dx.doi.org/10.1109/TKDE.2014.2327037},
  doi       = {10.1109/TKDE.2014.2327037},
  timestamp = {Tue, 08 Sep 2015 17:31:48 +0200},
  biburl    = {http://dblp.uni-trier.de/rec/bib/journals/tkde/ShaoCM15},
  bibsource = {dblp computer science bibliography, http://dblp.org}
}

@inproceedings{graph_database_models,
  author    = {Renzo Angles},
  title     = {A Comparison of Current Graph Database Models},
  booktitle = {Workshops Proceedings of the {IEEE} 28th International Conference
               on Data Engineering, {ICDE} 2012, Arlington, VA, USA, April 1-5, 2012},
  pages     = {171--177},
  year      = {2012},
  crossref  = {DBLP:conf/icde/2012w},
  url       = {http://dx.doi.org/10.1109/ICDEW.2012.31},
  doi       = {10.1109/ICDEW.2012.31},
  timestamp = {Mon, 25 Apr 2016 16:57:48 +0200},
  biburl    = {http://dblp.uni-trier.de/rec/bib/conf/icde/Angles12},
  bibsource = {dblp computer science bibliography, http://dblp.org}
}

@inproceedings{DEX,
  author    = {Norbert Mart{\'{\i}}nez{-}Bazan and
               Victor Munt{\'{e}}s{-}Mulero and
               Sergio G{\'{o}}mez{-}Villamor and
               Jordi Nin and
               Mario{-}A. S{\'{a}}nchez{-}Mart{\'{\i}}nez and
               Josep{-}Lluis Larriba{-}Pey},
  title     = {Dex: high-performance exploration on large graphs for information
               retrieval},
  booktitle = {Proceedings of the Sixteenth {ACM} Conference on Information and Knowledge
               Management, {CIKM} 2007, Lisbon, Portugal, November 6-10, 2007},
  pages     = {573--582},
  year      = {2007},
  crossref  = {DBLP:conf/cikm/2007},
  url       = {http://doi.acm.org/10.1145/1321440.1321521},
  doi       = {10.1145/1321440.1321521},
  timestamp = {Mon, 10 Dec 2007 10:57:00 +0100},
  biburl    = {http://dblp.uni-trier.de/rec/bib/conf/cikm/Martinez-BazanMGNSL07},
  bibsource = {dblp computer science bibliography, http://dblp.org}
}

@article{graphchi-db,
  author    = {Aapo Kyrola and
               Carlos Guestrin},
  title     = {GraphChi-DB: Simple Design for a Scalable Graph Database System -
               on Just a {PC}},
  journal   = {CoRR},
  volume    = {abs/1403.0701},
  year      = {2014},
  url       = {http://arxiv.org/abs/1403.0701},
  timestamp = {Tue, 01 Apr 2014 11:56:46 +0200},
  biburl    = {http://dblp.uni-trier.de/rec/bib/journals/corr/KyrolaG14},
  bibsource = {dblp computer science bibliography, http://dblp.org}
}
% vim:ts=4:sw=4
